@article{tacs2008turkiye,
  title={T{\"U}RK{\.I}YE’DE E{\u{G}}{\.I}T{\.I}M{\.I}N KALKINMA {\"U}ZER{\.I}NDEK{\.I} ROL{\"U} VE E{\u{G}}{\.I}T{\.I}M YATIRIMLARININ GER{\.I} D{\"O}N{\"U}{\c{S}} ORANI},
  author={Ta{\c{s}}, Umut and Yenilmez, F{\"u}sun and Umut, TA{\c{S}} and YEN{\.I}LMEZ, F{\"u}sun},
  journal={Eski{\c{s}}ehir Osmangazi {\"U}niversitesi Sosyal Bilimler Dergisi},
  volume={9},
  number={1},
  pages={155--186},
  year={2008}
}


@article{akin2021turkiye,
  title={T{\"u}rkiye’deki e{\u{g}}itim harcamalar{\i}n{\i}n de{\u{g}}erlendirilmesi},
  author={Ak{\i}n, {\"O}zlem and KARTAL, Sad{\i}k},
  journal={Mu{\u{g}}la S{\i}tk{\i} Ko{\c{c}}man {\"U}niversitesi E{\u{g}}itim Fak{\"u}ltesi Dergisi},
  volume={8},
  number={1},
  pages={37--53},
  year={2021}
}
 

@article{altundemir2008eugitim,
  title={E{\u{g}}itim harcamalar{\i}nda T{\"u}rkiye ve OECD {\"u}lkeleri},
  author={Altundemir, Mehmet Emin},
  year={2008},
  publisher={Uluda{\u{g}} {\"U}niversitesi}
}

@article{appiah2017efekti,
  title={Gelişmekte olan ülkelerde eğitim harcamalarının kişi başına GSYİH üzerindeki etkisi},
  yazar={Appiah, Elizabeth N ve diğerleri},
  journal={Uluslararası Ekonomi ve Finans Dergisi},
  hacim={9},
  sayı={10},
  sayfalar={136--144},
  yıl={2017},
  yayıncı={Kanada Bilim ve Eğitim Merkezi}

}


@inproceedings{karaccor2017relationship,
  title={Relationship with education expenditure and economic growth in OECD countries: A panel data analysis},
  author={Kara{\c{c}}or, Zeynep and G{\"u}venek, Burcu and Ekinci, Esra and Konya, Sevilay},
  booktitle={DIEM: Dubrovnik International Economic Meeting},
  volume={3},
  number={1},
  pages={255--269},
  year={2017},
  organization={Sveu{\v{c}}ili{\v{s}}te u Dubrovniku}
}


@article{coman2022etki,
  title={Orta ve Doğu Avrupa'da kamu eğitim harcamalarının ekonomik büyümeye etkisi. Yapısal kırılmalı bir ARDL yaklaşımı},
  yazar={Coman, Alina Cristina ve Lupu, Dan ve Nu{\c{t}}{\u{a}}, Florian Marcel},
  dergi={Ekonomik Araştırma-Ekonomska Istra{\v{z}}ivanja},
  sayfalar={1--18},
  yıl={2022},
  yayıncı={Taylor \& Francis}
}

